% Encoding: UTF-8

@Article{Abad2009,
  author    = {Abad, J. A. and Bandla, M. and French-Monar, R. D. and Liefting, L. W. and Clover, G. R. G.},
  title     = {First report of the detection of `\textit{Candidatus} liberibacter' species in zebra chip disease-infected potato plants in the United States},
  journal   = {Plant Dis.},
  year      = {2009},
  volume    = {93},
  number    = {1},
  pages     = {108--108},
  month     = jan,
  doi       = {10.1094/pdis-93-1-0108c},
  publisher = {Scientific Societies},
}

@Article{Abdullah2008,
  author  = {Abdullah, N. M. H.},
  title   = {Life history of the potato psyllid \textit{Bactericera cockerelli} (Homoptera: Psyllidae) in controlled environments agriculture in Arizona},
  journal = {Afr. J. Agric. Res.},
  year    = {2008},
  volume  = {3},
  pages   = {60--67},
}

@Article{Abe2015,
  author    = {Abe, J. and Kamimura, Y.},
  title     = {Sperm economy between female mating frequency and male ejaculate allocation},
  journal   = {The American Naturalist},
  year      = {2015},
  volume    = {185},
  number    = {3},
  pages     = {406--416},
  month     = mar,
  doi       = {10.1086/679586},
  publisher = {University of Chicago Press},
}

@Article{Aguilar2013,
  author    = {Aguilar, E. and Sengoda, V. G. and Bextine, B. and McCue, K. F. and Munyaneza, J. E.},
  title     = {First report of "\textit{Candidatus} {Liberibacter} solanacearum" on tobacco in {Honduras}},
  journal   = {Plant Disease},
  year      = {2013},
  volume    = {97},
  number    = {10},
  pages     = {1376--1376},
  month     = oct,
  doi       = {10.1094/pdis-04-13-0453-pdn},
  publisher = {Scientific Societies},
}

@Article{Ahmed2010,
  author  = {Ahmed, A. S. E. and Bashir, N. H. H. and Assad, Y. O. H.},
  title   = {Susceptibility of \textit{Bactericera cockerelli} (Sulc)(Hemiptous: Triozidae) to insecticides in the State of Nuevo Leon, Mexico},
  journal = {A biannual newsletter of the center for integrated plant systems (CIPS) in cooperation with the insecticide resistance action committee (IRAC) and the western regional coordinating committee (WRCC-60)},
  year    = {2010},
  volume  = {19},
  number  = {2},
  pages   = {14},
}

@Article{Alfaro-Fernandez2012,
  author    = {Alfaro-Fern{\'{a}}ndez, A. and Cebri{\'{a}}n, M. C. and Villaescusa, F. J. and de Mendoza, A. Hermoso and Ferr{\'{a}}ndiz, J. C. and Sanju{\'{a}}n, S. and Font, M. I.},
  title     = {First report of `\textit{Candidatus} liberibacter solanacearum' in carrot in mainland Spain},
  journal   = {Plant Dis.},
  year      = {2012},
  volume    = {96},
  number    = {4},
  pages     = {582--582},
  month     = apr,
  doi       = {10.1094/pdis-11-11-0918-pdn},
  publisher = {Scientific Societies},
}

@Article{Alvarado2012,
  author    = {Alvarado, V. Y. and Odokonyero, D. and Duncan, O. and Mirkov, T. E. and Scholthof, H. B.},
  title     = {Molecular and physiological properties associated with zebra complex disease in potatoes and Its relation with \textit{Candidatus} Liberibacter contents in psyllid vectors},
  journal   = {{PLoS} ONE},
  year      = {2012},
  volume    = {7},
  number    = {5},
  pages     = {e37345},
  month     = may,
  doi       = {10.1371/journal.pone.0037345},
  publisher = {Public Library of Science ({PLoS})},
}

@Article{Anderson2012,
  author    = {Anderson, J. A. D. and Walker, G. P. and Alspach, P. A. and Jeram, M. and Wright, P. J.},
  title     = {Assessment of susceptibility to zebra chip and \textit{Bactericera cockerelli }of selected potato cultivars under different insecticide regimes in New Zealand},
  journal   = {Am. J. Potato Res.},
  year      = {2012},
  volume    = {90},
  number    = {1},
  pages     = {58--65},
  month     = oct,
  doi       = {10.1007/s12230-012-9276-x},
  publisher = {Springer Nature},
}

@Book{Arnqvist2013,
  title     = {Sexual Conflict},
  publisher = {Princeton University Press},
  year      = {2013},
  author    = {Arnqvist, G.},
  month     = nov,
  ean       = {9781400850600},
  pagetotal = {352},
}

@Article{Arnqvist2000,
  author    = {Arnqvist, G. and Nilsson, T.},
  title     = {The evolution of polyandry: multiple mating and female fitness in insects},
  journal   = {Anim. Behav.},
  year      = {2000},
  volume    = {60},
  number    = {2},
  pages     = {145--164},
  month     = aug,
  doi       = {10.1006/anbe.2000.1446},
  publisher = {Elsevier {BV}},
}

@Article{Backus1988,
  author    = {Backus, E. A. and Hunter, W. B. and Arne, C. N.},
  title     = {Technique for staining leafhopper (Homoptera: Cicadellidae) salivary sheaths and eggs within unsectioned plant tissue},
  journal   = {J. Econ. Entomol.},
  year      = {1988},
  volume    = {81},
  number    = {6},
  pages     = {1819--1823},
  month     = dec,
  doi       = {10.1093/jee/81.6.1819},
  publisher = {Oxford University Press ({OUP})},
}

@Article{Bates2015,
  author    = {Bates, D. and M{\"{a}}chler, M. and Bolker, B. and Walker, S.},
  title     = {Fitting linear mixed-effects models using {lme4}},
  journal   = {Journal of statistical software},
  year      = {2015},
  volume    = {67},
  number    = {1},
  doi       = {10.18637/jss.v067.i01},
  publisher = {Foundation for Open Access Statistic},
}

@Article{Binkley1929,
  author    = {Binkley, A. M.},
  title     = {Transmission studies with the new psyllid-yellows disease of solanaceous plants},
  journal   = {Science},
  year      = {1929},
  volume    = {70},
  number    = {1825},
  pages     = {615--615},
  issn      = {00368075, 10959203},
  publisher = {American Association for the Advancement of Science},
  url       = {http://www.jstor.org/stable/1654174},
}

@Article{Brown2010,
  author    = {Brown, J. K. and Rehman, M. and Rogan, D. and Martin, R. R. and Idris, A. M.},
  title     = {First report of "\textit{Candidatus} Liberibacter psyllaurous" (synonym "Ca. L. solanacearum") Associated with `tomato vein-greening' and `tomato psyllid yellows' diseases in commercial greenhouses in Arizona},
  journal   = {Plant Dis.},
  year      = {2010},
  volume    = {94},
  number    = {3},
  pages     = {376--376},
  month     = mar,
  doi       = {10.1094/pdis-94-3-0376b},
  publisher = {Scientific Societies},
}

@Article{Buchman2012,
  author    = {Buchman, J. L. and Fisher, T. W. and Sengoda, V. G. and Munyaneza, J. E.},
  title     = {Zebra chip progression: from inoculation of potato plants with Liberibacter to development of disease symptoms in tubers},
  journal   = {Am. J. Potato Res.},
  year      = {2012},
  volume    = {89},
  number    = {2},
  pages     = {159--168},
  month     = mar,
  doi       = {10.1007/s12230-012-9238-3},
  publisher = {Springer Nature},
}

@Article{Buchman2011b,
  author    = {Buchman, J. L. and Heilman, B. E. and Munyaneza, J. E.},
  title     = {Effects of liberibacter-infective \textit{Bactericera cockerelli} (Hemiptera: Triozidae) density on zebra chip potato disease incidence, potato yield, and tuber processing quality},
  journal   = {J. Econ. Entomol.},
  year      = {2011},
  volume    = {104},
  number    = {6},
  pages     = {1783--1792},
  month     = dec,
  doi       = {10.1603/ec11146},
  publisher = {Oxford University Press ({OUP})},
}

@Article{Buchman2011a,
  author    = {Buchman, J. L. and Sengoda, V. G. and Munyaneza, J. E.},
  title     = {Vector transmission efficiency of Liberibacter by \textit{Bactericera cockerelli} (Hemiptera: Triozidae) in zebra chip potato disease: effects of psyllid life stage and inoculation access period},
  journal   = {J. Econ. Entomol.},
  year      = {2011},
  volume    = {104},
  number    = {5},
  pages     = {1486--1495},
  month     = oct,
  doi       = {10.1603/ec11123},
  publisher = {Oxford University Press ({OUP})},
}

@Article{Butler2011,
  author    = {Butler, C. D. and Gonzalez, B. and Manjunath, K. L. and Lee, R. F. and Novy, R. G. and Miller, J. C. and Trumble, J. T.},
  title     = {Behavioral responses of adult potato psyllid, \textit{Bactericera cockerelli} (Hemiptera: Triozidae), to potato germplasm and transmission of \textit{Candidatus} Liberibacter psyllaurous},
  journal   = {Crop Prot.},
  year      = {2011},
  volume    = {30},
  number    = {9},
  pages     = {1233--1238},
  month     = sep,
  doi       = {10.1016/j.cropro.2011.05.006},
  publisher = {Elsevier {BV}},
}

@Article{Butler2012a,
  author    = {Butler, C. D. and Trumble, J. T.},
  title     = {The potato psyllid, \textit{Bactericera cockerelli} ({{\v{S}}}ulc) (Hemiptera: Triozidae): life history, relationship to plant diseases, and management strategies},
  journal   = {Terrestrial arthropod reviews},
  year      = {2012},
  volume    = {5},
  number    = {2},
  pages     = {87--111},
  month     = jan,
  doi       = {10.1163/187498312x634266},
  publisher = {Brill Academic Publishers},
}

@Article{Butler2012b,
  author    = {Butler, C. D. and Walker, G. P. and Trumble, J. T.},
  title     = {Feeding disruption of potato psyllid, \textit{Bactericera cockerelli}, by imidacloprid as measured by electrical penetration graphs},
  journal   = {Entomol. Exp. Appl.},
  year      = {2012},
  volume    = {142},
  number    = {3},
  pages     = {247--257},
  month     = jan,
  doi       = {10.1111/j.1570-7458.2012.01219.x},
  publisher = {Wiley},
}

@Article{Cao2016,
  author    = {Cao, H. and Liu, H. and Zhang, Z. and Liu, T.},
  title     = {The green peach aphid \textit{Myzus persicae} perform better on pre-infested chinese cabbage \textit{Brassica pekinensis} by enhancing host plant nutritional quality},
  journal   = {Sci. Rep.},
  year      = {2016},
  volume    = {6},
  number    = {1},
  month     = feb,
  doi       = {10.1038/srep21954},
  publisher = {Springer Nature},
}

@Article{Casteel2006,
  author    = {Casteel, C. L. and Walling, L. L. and Paine, T. D.},
  title     = {Behavior and biology of the tomato psyllid, \textit{Bactericerca cockerelli}, in response to the Mi-1.2 gene},
  journal   = {Entomol. Exp. Appl.},
  year      = {2006},
  volume    = {121},
  number    = {1},
  pages     = {67--72},
  month     = oct,
  doi       = {10.1111/j.1570-8703.2006.00458.x},
  publisher = {Wiley-Blackwell},
}

@Article{Casteel2007,
  author    = {Casteel, C. L. and Walling, L. L. and Paine, T. D.},
  title     = {Effect of Mi-1.2 gene in natal host plants on behavior and biology of the tomato psyllid \textit{Bactericerca cockerelli} (Sulc) (Hemiptera: Psyllidae)},
  journal   = {Journal of Entomological Science},
  year      = {2007},
  volume    = {42},
  number    = {2},
  pages     = {155--162},
  month     = apr,
  doi       = {10.18474/0749-8004-42.2.155},
  publisher = {Georgia Entomological Society},
}

@Article{Chavez2015,
  author    = {Ch{\'{a}}vez, E. C. and Bautista, O. H. and Flores, J. L. and Uribe, L. A. and Fuentes, Y. M. O.},
  title     = {Insecticide-resistance ratios of three populations of \textit{Bactericera cockerelli} (Hemiptera: Psylloidea: Triozidae) in regions of Northern Mexico},
  journal   = {Florida Entomologist},
  year      = {2015},
  volume    = {98},
  number    = {3},
  pages     = {950--953},
  month     = sep,
  doi       = {10.1653/024.098.0322},
  publisher = {Florida Entomological Society},
}

@Article{Cicero2016,
  author    = {Cicero, J. M. and Fisher, T. W. and Brown, J. K.},
  title     = {Localization of `\textit{Candidatus} Liberibacter solanacearum' and evidence for surface appendages in the potato psyllid vector},
  journal   = {Phytopathology},
  year      = {2016},
  volume    = {106},
  number    = {2},
  pages     = {142--154},
  month     = feb,
  doi       = {10.1094/phyto-04-15-0088-r},
  publisher = {Scientific Societies},
}

@Article{Cooper2014a,
  author    = {Cooper, W. R. and Alcala, P. E. and Barcenas, N. M.},
  title     = {Relationship between plant vascular architecture and within-plant distribution of `\textit{Candidatus} Liberibacter solanacearum' in potato},
  journal   = {Am. J. Potato Res.},
  year      = {2014},
  volume    = {92},
  number    = {1},
  pages     = {91--99},
  month     = oct,
  doi       = {10.1007/s12230-014-9416-6},
  publisher = {Springer Nature},
}

@Article{Cooper2014,
  author    = {Cooper, W. R. and Bamberg, J. B.},
  title     = {Variation in \textit{Bactericera cockerelli} (Hemiptera: Triozidae) oviposition, survival, and development on \textit{Solanum bulbocastanum} germplasm},
  journal   = {Am. J. Potato Res.},
  year      = {2014},
  volume    = {91},
  number    = {5},
  pages     = {532--537},
  month     = apr,
  doi       = {10.1007/s12230-014-9384-x},
  publisher = {Springer Nature},
}

@Article{Cooper2014b,
  author    = {Cooper, W. R. and Sengoda, V. G. and Munyaneza, J. E.},
  title     = {Localization of '\textit{Candidatus} Liberibacter solanacearum' (Rhizobiales: Rhizobiaceae) in \textit{Bactericera cockerelli} (Hemiptera: Triozidae)},
  journal   = {Ann. Entomol. Soc. Am.},
  year      = {2014},
  volume    = {107},
  number    = {1},
  pages     = {204--210},
  month     = jan,
  doi       = {10.1603/an13087},
  publisher = {Oxford University Press ({OUP})},
}

@Article{Cooper2015,
  author    = {Cooper, W. R. and Swisher, K. D. and Garczynski, S. F. and Mustafa, T. and Munyaneza, J. E. and Horton, D. R.},
  title     = {Wolbachia infection differs among divergent mitochondrial haplotypes of \textit{Bactericera cockerelli} (Hemiptera: Triozidae)},
  journal   = {Ann. Entomol. Soc. Am.},
  year      = {2015},
  volume    = {108},
  number    = {2},
  pages     = {137--145},
  month     = feb,
  doi       = {10.1093/aesa/sau048},
  publisher = {Oxford University Press ({OUP})},
}

@Article{Cooper2016,
  author    = {Cooper. W., R. and Bamberg, J. B.},
  title     = {Variation in susceptibility to potato psyllid, \textit{Bactericera cockerelli} (Hemiptera: Triozidae), among \textit{Solanum verrucosum} germplasm accessions},
  journal   = {Am. J. Potato Res.},
  year      = {2016},
  volume    = {93},
  number    = {4},
  pages     = {386--391},
  month     = mar,
  doi       = {10.1007/s12230-016-9512-x},
  publisher = {Springer Nature},
}

@Article{Crosslin2011,
  author    = {Crosslin, J. M. and Lin, H. and Munyaneza, J. E.},
  title     = {Detection of `\textit{Candidatus} Liberibacter solanacearum' in the potato psyllid, \textit{Bactericera cockerelli} (Sulc), by conventional and real-time {PCR}},
  journal   = {Southwestern Entomologist},
  year      = {2011},
  volume    = {36},
  number    = {2},
  pages     = {125--135},
  month     = jun,
  doi       = {10.3958/059.036.0202},
  publisher = {Society of Southwestern Entomologists},
}

@Article{Crosslin2012,
  author    = {Crosslin, J. M. and Olsen, N. and Nolte, P.},
  title     = {First report of zebra chip disease and \textit{Candidatus} Liberibacter solanacearum on potatoes in Idaho},
  journal   = {Plant Dis.},
  year      = {2012},
  volume    = {96},
  number    = {3},
  pages     = {453--453},
  month     = mar,
  doi       = {10.1094/pdis-10-11-0853},
  publisher = {Scientific Societies},
}

@Article{Dahan2017,
  author    = {Dahan, J. and Wenninger, E. J. and Thompson, B. and Eid, S. and Olsen, N. and Karasev, A. V.},
  title     = {Relative abundance of potato psyllid haplotypes in southern Idaho potato fields during 2012 to 2015, and incidence of `\textit{Candidatus} Liberibacter solanacearum' causing zebra chip disease},
  journal   = {Plant Dis.},
  year      = {2017},
  volume    = {101},
  number    = {5},
  pages     = {822--829},
  month     = may,
  doi       = {10.1094/pdis-05-16-0668-re},
  publisher = {Scientific Societies},
}

@Article{Daniels1934,
  author  = {Daniels, L. B.},
  title   = {The tomato psyllids and the control of psyllid yellows of potatoes},
  journal = {Bulletin Colorado agricultural college colorado experiment station},
  year    = {1934},
  volume  = {410},
}

@Article{Davidson2014,
  author    = {Davidson, M. M. and Butler, R. C. and Taylor, N. M. and Nielsen, M. C. and Sansom, C. E. and Perry, N. B.},
  title     = {A volatile compound, 2-undecanone, increases walking, but not flying, tomato potato psyllid movement toward an odour source},
  journal   = {New Zealand plant protection},
  year      = {2014},
  volume    = {67},
  pages     = {184--190},
  publisher = {Citeseer},
}

@Article{Davis2012,
  author    = {Davis, T. S. and Horton, D. R. and Munyaneza, J. E. and Landolt, P. J.},
  title     = {Experimental infection of plants with an herbivore-associated bacterial endosymbiont influences herbivore host selection behavior},
  journal   = {{PLoS} {ONE}},
  year      = {2012},
  volume    = {7},
  number    = {11},
  pages     = {e49330},
  month     = nov,
  doi       = {10.1371/journal.pone.0049330},
  publisher = {Public Library of Science ({PLoS})},
}

@Article{Delignette-Muller2015,
  author    = {Delignette-Muller, M. L. and Dutang, C.},
  title     = {{fitdistrplus}: an {R} package for fitting distributions},
  journal   = {Journal of Statistical Software},
  year      = {2015},
  volume    = {64},
  number    = {4},
  doi       = {10.18637/jss.v064.i04},
  publisher = {Foundation for Open Access Statistic},
}

@Article{Diaz-Montano2006,
  author    = {Diaz-Montano, J. and Reese, J. C. and Schapaugh, W. T. and Campbell, L. R.},
  title     = {Characterization of antibiosis and antixenosis to the soybean aphid (Hemiptera: Aphididae) in several soybean genotypes},
  journal   = {J. Econ. Entomol.},
  year      = {2006},
  volume    = {99},
  number    = {5},
  pages     = {1884--1889},
  month     = oct,
  doi       = {10.1093/jee/99.5.1884},
  publisher = {Oxford University Press ({OUP})},
}

@Article{Diaz-Montano2013,
  author    = {Diaz-Montano, J. and Vindiola, B. G. and Drew, N. and Novy, R. G. and Miller, J. C. and Trumble, J. T.},
  title     = {Resistance of selected potato genotypes to the potato psyllid (Hemiptera: Triozidae)},
  journal   = {Am. J. Potato Res.},
  year      = {2013},
  volume    = {91},
  number    = {4},
  pages     = {363--367},
  month     = dec,
  doi       = {10.1007/s12230-013-9356-6},
  publisher = {Springer Nature},
}

@InBook{Dwelle2003,
  chapter   = {2},
  pages     = {12--14},
  title     = {Potato production systems},
  publisher = {The University of Idaho agricultural communications},
  year      = {2003},
  author    = {Dwelle, R. B. and Alvarez, J. M. and Bain, P. and Baird, C. R. and Bechinski, E. J. and Bohl, W. H. and Corsini, D. L. and Eberlein, C. V. and Ewing, L. L. and Finnigan, B. F. and Geary, B. D. and Guenthner, J. F. and Hafez, S. L. and Hutchinson, P. J. S. and Jones, W. B. and King, B. A. and Kleinkopf, G. E. and Miller, J. S. and Nolte, P. and Novy, R. and Olsen, N. and Palanisamy, S. and Patterson, P. E. and Sandvol, L. E. and Stoltz, R. L. and Westermann, D. T. and Whitmore, J. C.},
  isbn      = {1-58803-001-6},
}

@Article{Echegaray2017,
  author    = {Echegaray, E. R. and Rondon, S. I.},
  title     = {Incidence of \textit{Bactericera cockerelli} (Hemiptera: Triozidae) under different pesticide regimes in the lower Columbia Basin},
  journal   = {J. Econ. Entomol.},
  year      = {2017},
  volume    = {110},
  number    = {4},
  pages     = {1639--1647},
  month     = may,
  doi       = {10.1093/jee/tox135},
  publisher = {Oxford University Press ({OUP})},
}

@Article{Eigenbrode2018,
  author    = {Eigenbrode, S. D. and Bosque-P{\'{e}}rez, N. A. and Davis, T. S.},
  title     = {Insect-borne plant pathogens and their vectors: ecology, evolution, and complex interactions},
  journal   = {Annu. Rev. Entomol.},
  year      = {2018},
  volume    = {63},
  number    = {1},
  pages     = {169--191},
  month     = jan,
  doi       = {10.1146/annurev-ento-020117-043119},
  publisher = {Annual Reviews},
}

@Article{Eyer1933,
  author    = {Eyer, J. R. and Crawford, R. F.},
  title     = {Observations on the feeding habits of the potato psyllid (\textit{Paratrioza cockerelli} Sulc.) and the pathological history of the "psyllid yellows" which it produces},
  journal   = {J. Econ. Entomol.},
  year      = {1933},
  volume    = {26},
  number    = {4},
  pages     = {846--850},
  month     = aug,
  doi       = {10.1093/jee/26.4.846},
  publisher = {Oxford University Press ({OUP})},
}

@Article{Frias2018,
  author    = {Frias, A. A. Tomilhero and Ibanez, F. and Mendoza, A. and de Carvalho Nunes, W. M. and Tamborindeguy, C.},
  title     = {Effects of "\textit{Candidatus} {Liberibacter} solanacearum" (haplotype b) on \textit{Bactericera cockerelli} fitness and vitellogenesis},
  journal   = {Insect Science},
  year      = {2018},
  month     = jun,
  doi       = {10.1111/1744-7917.12599},
  publisher = {Wiley},
}

@Article{Gao2009,
  author    = {Gao, F. and Jifon, J. and Yang, X. and Liu, T.},
  title     = {Zebra chip disease incidence on potato is influenced by timing of potato psyllid infestation, but not by the host plants on which they were reared},
  journal   = {Insect Science},
  year      = {2009},
  volume    = {16},
  number    = {5},
  pages     = {399--408},
  month     = oct,
  doi       = {10.1111/j.1744-7917.2009.01261.x},
  publisher = {Wiley-Blackwell},
}

@Article{Gharalari2009,
  author    = {Gharalari, A. H. and Nansen, C. and Lawson, D. S. and Gilley, J. and Munyaneza, J. E. and Vaughn, K.},
  title     = {Knockdown mortality, repellency, and residual effects of insecticides for control of adult \textit{Bactericera cockerelli} (Hemiptera: Psyllidae)},
  journal   = {J. Econ. Entomol.},
  year      = {2009},
  volume    = {102},
  number    = {3},
  pages     = {1032--1038},
  month     = jun,
  doi       = {10.1603/029.102.0322},
  publisher = {Oxford University Press ({OUP})},
}

@Article{Gilkes2018,
  author    = {Gilkes, J. M. and Frampton, R. A. and Smith, G. R. and Dobson, R. C. J.},
  title     = {Potential pathogenicity determinants in the genome of `\textit{Candidatus} Liberibacter solanacearum', the causal agent of zebra chip disease of potato},
  journal   = {Australas. Plant Pathol.},
  year      = {2018},
  volume    = {47},
  number    = {2},
  pages     = {119--134},
  month     = feb,
  doi       = {10.1007/s13313-018-0546-z},
  publisher = {Springer Nature},
}

@Article{Goolsby2007b,
  author  = {Goolsby, J. A. and Adamczyk, J. and Bextine, B. and Lin, D. and Munyaneza, J. E. and Bester, G.},
  title   = {Development of an IPM program for management of the potato psyllid to reduce incidence of zebra chip disorder in potatoes},
  journal = {Subtropical Plant Science},
  year    = {2007},
  volume  = {59},
  pages   = {85--94},
}

@Article{Goolsby2007a,
  author  = {Goolsby, J. A. and Bextine, B. and Munyaneza, J. E. and Setamou, M. and Adamczyk, J. and Bester, G.},
  title   = {Seasonal abundance of sharpshooters, leafhoppers, and psyllids associated with potatoes affected by zebra chip disorder},
  journal = {Subtropical Plant Science},
  year    = {2007},
  volume  = {59},
  pages   = {15--23},
}

@Article{Greenway2014,
  author    = {Greenway, G.},
  title     = {Economic impact of zebra chip control costs on grower returns in seven {US} states},
  journal   = {Am. J. Potato Res.},
  year      = {2014},
  volume    = {91},
  number    = {6},
  pages     = {714--719},
  month     = jul,
  doi       = {10.1007/s12230-014-9404-x},
  publisher = {Springer Nature},
}

@Article{Greenway2018,
  author    = {Greenway, G. A. and Rondon, S.},
  title     = {Economic impacts of zebra chip in Idaho, Oregon, and Washington},
  journal   = {Am. J. Potato Res.},
  year      = {2018},
  month     = jan,
  doi       = {10.1007/s12230-018-9636-2},
  publisher = {Springer Nature},
}

@Article{Guedot2010,
  author    = {Gu{\'{e}}dot, C. and Horton, D. R. and Landolt, P. J.},
  title     = {Sex attraction in \textit{Bactericera cockerell} (Hemiptera: Triozidae)},
  journal   = {Environ. Entomol.},
  year      = {2010},
  volume    = {39},
  number    = {4},
  pages     = {1302--1308},
  month     = aug,
  doi       = {10.1603/en10048},
  publisher = {Oxford University Press ({OUP})},
}

@Article{Guedot2012,
  author    = {Gu{\'{e}}dot, C. and Horton, D. R. and Landolt, P. J.},
  title     = {Age at reproductive maturity and effect of age and time of day on sex attraction in the potato psyllid \textit{Bactericera cockerelli}},
  journal   = {Insect Science},
  year      = {2012},
  volume    = {19},
  number    = {5},
  pages     = {585--594},
  month     = apr,
  doi       = {10.1111/j.1744-7917.2011.01498.x},
  publisher = {Wiley-Blackwell},
}

@Article{Guenthner2012,
  author    = {Guenthner, J. and Goolsby, J. and Greenway, G.},
  title     = {Use and cost of insecticides to control potato psyllids and zebra chip on potatoes},
  journal   = {Southwestern Entomologist},
  year      = {2012},
  volume    = {37},
  number    = {3},
  pages     = {263--270},
  month     = sep,
  doi       = {10.3958/059.037.0302},
  publisher = {Society of Southwestern Entomologists},
}

@Article{Haenninen2009,
  author    = {H{\"{a}}nninen, L. and Pastell, M.},
  title     = {{CowLog}: Open-source software for coding behaviors from digital video},
  journal   = {Behav. Res. Methods},
  year      = {2009},
  volume    = {41},
  number    = {2},
  pages     = {472--476},
  month     = may,
  doi       = {10.3758/brm.41.2.472},
  publisher = {Springer Nature},
}

@Article{Hansen2008,
  author    = {Hansen, A. K. and Trumble, J. T. and Stouthamer, R. and Paine, T. D.},
  title     = {A new huanglongbing species, "\textit{Candidatus} Liberibacter psyllaurous," found to infect tomato and potato, is vectored by the psyllid \textit(Bactericera cockerelli) (Sulc)},
  journal   = {Appl. Environ. Microbiol.},
  year      = {2008},
  volume    = {74},
  number    = {18},
  pages     = {5862--5865},
  month     = aug,
  doi       = {10.1128/aem.01268-08},
  publisher = {American Society for Microbiology},
}

@Article{Henne2010,
  author    = {Henne, D. C. and Workneh, F. and Rush, C. M.},
  title     = {Movement of \textit{Bactericera cockerelli} (Heteroptera: Psyllidae) in relation to potato canopy structure, and effects on potato tuber weights},
  journal   = {J. Econ. Entomol.},
  year      = {2010},
  volume    = {103},
  number    = {5},
  pages     = {1524--1530},
  month     = oct,
  doi       = {10.1603/ec10085},
  publisher = {Oxford University Press ({OUP})},
}

@Article{Hernandez-Bautista2013,
  author  = {Hern{\'{a}}ndez-Bautista, O. and Cerna-Ch{\'{a}}vez, E. and Landeros-Flores, J. and Ochoa-Fuentes, Y. and Chac{\'{o}}n-Hern{\'{a}}ndez, J. and Castillo-Arriaga, S.},
  title   = {Resistance proportion of \textit{Bactericera cockerelli} (Sulc) in regions from Villa de Arista, San Luis Potos{\'{i}} and Saltillo, Coahuila},
  journal = {Entomolog{\'{i}}a mexicana},
  year    = {2013},
}

@InBook{Hodkinson2015,
  chapter   = {10},
  pages     = {113},
  title     = {Psyllidae (jumping plant-lice, psyllids)},
  publisher = {Brill Academic Pub},
  year      = {2015},
  author    = {Hodkinson, I. D. and Achterberg, C. V. and Ahola, M. and Bart{\'{a}}k, M. and Behan-Pelletier, V. and Bird, J. M. and B{\o}g, K. and Brodo, F. and Buhl, P. N. and Dahl, C. and R. H. L. Disney and Dittmar, K. and Fjellberg, A. and {{\O}}. Gammelmo and Forshage, M. and Gerecke, R. and Gertsson, C. A. and Haastriter, M. M. L. and Haenni, J. P. and Heie, O. E. and J. M. Heraty and Hodgson, C. and Horsfield, D. and Huber, J. T. and Jaschoff, M. and Jensen, F. and Johanson, K. A. and Jussila, R. and Karsholt, O. and Krzeminska, E. and Lantsov, V. I. and L{\'{a}}ska, P. and Lindegaard, C. and Lyneborg, L. and Makarova, O. and Marusik, Y. M. and Mathis, W. N. and Maz{\'{a}}nek, L. and Michelsen, V. and Munk, T. and Murphy, W. L. and Nielsen, S. A. and Nielsen, T. R. and Noyes, J. S. and Oosterbroek, P. and Ozerov, A. L. and Pape, T. and Pinto, J. D. and Pollet, M. and Rindal, E. and Roh{\'{a}}cek, J. and Simonsen, T. J. and Smith, V. S. and S{\"{o}}li, G. and Star{\'{y}}, J. and Strassen, R. Z. and Svensson, B. W. and Vilhelmsen, L. and Vilkamaa, P. and Wilson, M. and Zatwarnicki, T.},
  isbn      = {978-9004256408},
  booktitle = {The Greenland entomofauna: an identification manual of insects, spiders and their allies (Fauna Entomologica Scandinavica)},
}

@Article{Kaloshian2004,
  author    = {Kaloshian, I.},
  title     = {Gene-for-gene disease resistance: bridging insect pest and pathogen defense},
  journal   = {J. Chem. Ecol.},
  year      = {2004},
  volume    = {30},
  number    = {12},
  pages     = {2419--2438},
  month     = dec,
  doi       = {10.1007/s10886-004-7943-1},
  publisher = {Springer Nature},
}

@Article{Kennedy1987,
  author    = {Kennedy, G. G. and Gould, F. and Deponti, O. M. B. and Stinner, R. E.},
  title     = {Ecological, agricultural, genetic, and commercial considerations in the deployment of insect-resistant germplasm},
  journal   = {Environ. Entomol.},
  year      = {1987},
  volume    = {16},
  number    = {2},
  pages     = {327--338},
  month     = apr,
  doi       = {10.1093/ee/16.2.327},
  publisher = {Oxford University Press ({OUP})},
}

@Article{Klingler2005,
  author    = {Klingler, J. and Creasy, R. and Gao, L. and Nair, R. M. and Calix, A. S. and Jacob, H. S. and Edwards, O. R. and Singh, K. B.},
  title     = {Aphid resistance in \textit{Medicago truncatula} involves antixenosis and phloem-specific, inducible antibiosis, and maps to a single locus flanked by {NBS}-{LRR} resistance gene analogs},
  journal   = {Plant Physiol.},
  year      = {2005},
  volume    = {137},
  number    = {4},
  pages     = {1445--1455},
  month     = apr,
  doi       = {10.1104/pp.104.051243},
  publisher = {American Society of Plant Biologists ({ASPB})},
}

@Article{Knowlton1931,
  author    = {Knowlton, G. F. and Janes, M. J.},
  title     = {Studies on the biology of \textit{Paratrioza cockerelli} (Sulc)},
  journal   = {Ann. Entomol. Soc. Am.},
  year      = {1931},
  volume    = {24},
  number    = {2},
  pages     = {283--292},
  month     = jun,
  doi       = {10.1093/aesa/24.2.283},
  publisher = {Oxford University Press ({OUP})},
}

@Article{Knowlton1934,
  author    = {Knowlton, G. F. and Thomas, W. L.},
  title     = {Host plants of the potato psyllid},
  journal   = {J. Econ. Entomol.},
  year      = {1934},
  volume    = {27},
  number    = {2},
  pages     = {547--549},
  month     = apr,
  doi       = {10.1093/jee/27.2.547},
  publisher = {Oxford University Press ({OUP})},
}

@Article{Kogan1988,
  author    = {Kogan, M.},
  title     = {Integrated pest management theory and practice},
  journal   = {Entomol. Exp. Appl.},
  year      = {1988},
  volume    = {49},
  number    = {1-2},
  pages     = {59--70},
  month     = nov,
  doi       = {10.1111/j.1570-7458.1988.tb02477.x},
  publisher = {Wiley-Blackwell},
}

@Article{Kogan1978,
  author    = {Kogan, M. and Ortman, E. F.},
  title     = {Antixenosis-A new term proposed to define painter's "Nonpreference" modality of resistance},
  journal   = {Bull. Entomol. Soc. Am.},
  year      = {1978},
  volume    = {24},
  number    = {2},
  pages     = {175--176},
  month     = jun,
  doi       = {10.1093/besa/24.2.175},
  publisher = {Oxford University Press ({OUP})},
}

@Article{Levy2011,
  author    = {Levy, J. and Ravindran, A. and Gross, D. and Tamborindeguy, C. and Pierson, Elizabeth},
  title     = {Translocation of `\textit{Candidatus} Liberibacter solanacearum', the zebra chip pathogen, in potato and tomato},
  journal   = {Phytopathology},
  year      = {2011},
  volume    = {101},
  number    = {11},
  pages     = {1285--1291},
  month     = nov,
  doi       = {10.1094/phyto-04-11-0121},
  publisher = {Scientific Societies},
}

@Article{Levy2014,
  author    = {Levy, J. and Tamborindeguy, C.},
  title     = {\textit{Solanum habrochaites}, a potential source of resistance against \textit{Bactericera cockerelli} (Hemiptera: Triozidae) and "\textit{Candidatus} Liberibacter solanacearum"},
  journal   = {J. Econ. Entomol.},
  year      = {2014},
  volume    = {107},
  number    = {3},
  pages     = {1187--1193},
  month     = jun,
  doi       = {10.1603/ec13295},
  publisher = {Oxford University Press ({OUP})},
}

@Article{Li2009,
  author    = {Li, W. and Abad, J. A. and French-Monar, R. D. and J., R. and Wen, A. and Gudmestad, N. C. and Secor, G. A. and Lee, I. M. and Duan, Y. and Levy, L.},
  title     = {Multiplex real-time {PCR} for detection, identification and quantification of `\textit{Candidatus} Liberibacter solanacearum' in potato plants with zebra chip},
  journal   = {J. Microbiol. Methods},
  year      = {2009},
  volume    = {78},
  number    = {1},
  pages     = {59--65},
  month     = jul,
  doi       = {10.1016/j.mimet.2009.04.009},
  publisher = {Elsevier {BV}},
}

@Article{Li2006,
  author    = {Li, W. and Hartung, J. S. and Levy, L.},
  title     = {Quantitative real-time {PCR} for detection and identification of \textit{Candidatus} Liberibacter species associated with citrus huanglongbing},
  journal   = {J. Microbiol. Methods},
  year      = {2006},
  volume    = {66},
  number    = {1},
  pages     = {104--115},
  month     = jul,
  doi       = {10.1016/j.mimet.2005.10.018},
  publisher = {Elsevier {BV}},
}

@Article{Liefting2008,
  author    = {Liefting, L. W. and Ward, L. I. and Shiller, J. B. and Clover, G. R. G.},
  title     = {A new `\textit{Candidatus} Liberibacter' species in \textit{Solanum betaceum} (tamarillo) and \textit{Physalis peruviana} (cape gooseberry) in New Zealand},
  journal   = {Plant Dis.},
  year      = {2008},
  volume    = {92},
  number    = {11},
  pages     = {1588--1588},
  month     = nov,
  doi       = {10.1094/pdis-92-11-1588b},
  publisher = {Scientific Societies},
}

@Article{Liefting2009,
  author    = {Liefting, L. W. and Weir, B. S. and Pennycook, S. R. and Clover, G. R. G.},
  title     = {'\textit{Candidatus} Liberibacter solanacearum', associated with plants in the family Solanaceae},
  journal   = {Int. J. Syst. Evol. Microbiol.},
  year      = {2009},
  volume    = {59},
  number    = {9},
  pages     = {2274--2276},
  month     = jul,
  doi       = {10.1099/ijs.0.007377-0},
  publisher = {Microbiology Society},
}

@Article{Lin2009,
  author    = {Lin, H. and Doddapaneni, H. and Munyaneza, J. E. and Civerolo, E. L. and Sengoda, V. G. and Buchman, J. L. and Stenger, D. C.},
  title     = {Molecular characterization and phylogenetic analysis of 16S rRNA from a new "\textit{Candidatus} Liberibacter" strain associated with zebra chip disease of potato (\textit{Solanum tuberosum} L.) and the potato psyllid (\textit{Bactericera cockerelli} Sulc)},
  journal   = {Journal of plant pathology},
  year      = {2009},
  volume    = {91},
  number    = {1},
  pages     = {215--219},
  publisher = {Societ{\`{a}} Italiana di Patologia Vegetale (SIPaV)},
}

@Article{Liu2004,
  author    = {Liu, D. and Trumble, J. T.},
  title     = {Tomato psyllid behavioral responses to tomato plant lines and interactions of plant lines with insecticides},
  journal   = {J. Econ. Entomol.},
  year      = {2004},
  volume    = {97},
  number    = {3},
  pages     = {1078--1085},
  month     = jun,
  doi       = {10.1093/jee/97.3.1078},
  publisher = {Oxford University Press ({OUP})},
}

@Article{Liu2005,
  author    = {Liu, Deguang and Trumble, John T.},
  title     = {Interactions of plant resistance and insecticides on the development and survival of \textit{Bactericerca cockerelli} [Sulc] (Homoptera: Psyllidae)},
  journal   = {Crop Prot.},
  year      = {2005},
  volume    = {24},
  number    = {2},
  pages     = {111--117},
  month     = feb,
  doi       = {10.1016/j.cropro.2004.07.001},
  publisher = {Elsevier {BV}},
}

@Article{Liu2006,
  author    = {Liu, D. and Trumble, J. T.},
  title     = {Ovipositional preferences, damage thresholds, and detection of the tomato{\textendash}potato psyllid \textit{Bactericera cockerelli} (Homoptera: Psyllidae) on selected tomato accessions},
  journal   = {Bull. Entomol. Res.},
  year      = {2006},
  volume    = {96},
  number    = {02},
  pages     = {197--204},
  month     = apr,
  doi       = {10.1079/ber2005416},
  publisher = {Cambridge University Press ({CUP})},
}

@Article{Liu2007,
  author    = {Liu, D. and Trumble, J. T.},
  title     = {Comparative fitness of invasive and native populations of the potato psyllid (\textit{Bactericera cockerelli})},
  journal   = {Entomol. Exp. Appl.},
  year      = {2007},
  volume    = {123},
  number    = {1},
  pages     = {35--42},
  month     = apr,
  doi       = {10.1111/j.1570-7458.2007.00521.x},
  publisher = {Wiley-Blackwell},
}

@Article{Liu2006a,
  author    = {Liu, D. and Trumble, J. T. and Stouthamer, R.},
  title     = {Genetic differentiation between eastern populations and recent introductions of potato psyllid \textit{Bactericera cockerelli} into western North America},
  journal   = {Entomol. Exp. Appl.},
  year      = {2006},
  volume    = {118},
  number    = {3},
  pages     = {177--183},
  month     = mar,
  doi       = {10.1111/j.1570-7458.2006.00383.x},
  publisher = {Wiley-Blackwell},
}

@Article{Marchini2011,
  author    = {Marchini, D. and Bene, G. Del and Viscuso, R. and Dallai, R.},
  title     = {Sperm storage by spermatodoses in the spermatheca of \textit{Trioza alacris} (Flor, 1861) Hemiptera, Psylloidea, Triozidae: a structural and ultrastructural study},
  journal   = {J. Morphol.},
  year      = {2011},
  volume    = {273},
  number    = {2},
  pages     = {195--210},
  month     = oct,
  doi       = {10.1002/jmor.11017},
  publisher = {Wiley},
}

@Article{Martin2008,
  author  = {Martin, N. A.},
  title   = {Host plants of the potato/tomato psyllid: a cautionary tale},
  journal = {The Weta},
  year    = {2008},
  volume  = {35},
  number  = {1},
  pages   = {12--16},
}

@Article{Martini2012,
  author    = {Martini, X. and Seibert, S. and Prager, S. M. and Nansen, C.},
  title     = {Sampling and interpretation of psyllid nymph counts in potatoes},
  journal   = {Entomol. Exp. Appl.},
  year      = {2012},
  volume    = {143},
  number    = {2},
  pages     = {103--110},
  month     = mar,
  doi       = {10.1111/j.1570-7458.2012.01235.x},
  publisher = {Wiley-Blackwell},
}

@Article{Marzachi1998,
  author    = {Marzachi, C. and F. Beratti and Bosco, D.},
  title     = {Direct {PCR} detection of phytoplasmas in experimentally infected insects},
  journal   = {Ann. Appl. Biol.},
  year      = {1998},
  volume    = {133},
  number    = {1},
  pages     = {45--54},
  month     = aug,
  doi       = {10.1111/j.1744-7348.1998.tb05801.x},
  publisher = {Wiley-Blackwell},
}

@Article{Mas2014,
  author    = {Mas, F. and Vereijssen, J. and Suckling, D. M.},
  title     = {Influence of the pathogen \textit{Candidatus} Liberibacter solanacearum on tomato host plant volatiles and psyllid vector settlement},
  journal   = {J. Chem. Ecol.},
  year      = {2014},
  volume    = {40},
  number    = {11-12},
  pages     = {1197--1202},
  month     = nov,
  doi       = {10.1007/s10886-014-0518-x},
  publisher = {Springer Nature},
}

@Article{Mayer2008,
  author    = {Mayer, C. J. and Vilcinskas, A. and Gross, J.},
  title     = {Phytopathogen lures its insect vector by altering host plant odor},
  journal   = {J. Chem. Ecol.},
  year      = {2008},
  volume    = {34},
  number    = {8},
  pages     = {1045--1049},
  month     = jul,
  doi       = {10.1007/s10886-008-9516-1},
  publisher = {Springer Nature},
}

@Article{Mendoza-Herrera2018,
  author    = {Mendoza-Herrera, A. and Levy, J. and Harrison, K. and Yao, J. and Ibanez, F. and Tamborindeguy, C.},
  title     = {Infection by \textit{Candidatus} liberibacter solanacearum' haplotypes a and b in \textit{Solanum lycopersicum} 'Moneymaker'},
  journal   = {Plant Dis.},
  year      = {2018},
  month     = apr,
  doi       = {10.1094/pdis-12-17-1982-re},
  publisher = {Scientific Societies},
}

@Article{Michel2010,
  author    = {Michel, A. P. and Mian, M. A. R. and Davila-Olivas, N. H. and Ca{\~{n}}as, L. A.},
  title     = {Detached leaf and whole plant assays for soybean aphid resistance: differential responses among resistance sources and biotypes},
  journal   = {J. Econ. Entomol.},
  year      = {2010},
  volume    = {103},
  number    = {3},
  pages     = {949--957},
  month     = jun,
  doi       = {10.1603/ec09337},
  publisher = {Oxford University Press ({OUP})},
}

@Article{Mitchell2016,
  author    = {Mitchell, C. and Brennan, R. M. and Graham, J. and Karley, A. J.},
  title     = {Plant defense against herbivorous pests: exploiting resistance and tolerance traits for sustainable crop protection},
  journal   = {Frontiers in plant pcience},
  year      = {2016},
  volume    = {7},
  month     = jul,
  doi       = {10.3389/fpls.2016.01132},
  publisher = {Frontiers Media {SA}},
}

@Article{Munyaneza2012b,
  author    = {Munyaneza, J. E.},
  title     = {Zebra chip disease of potato: biology, epidemiology, and management},
  journal   = {Am. J. Potato Res.},
  year      = {2012},
  volume    = {89},
  number    = {5},
  pages     = {329--350},
  month     = aug,
  doi       = {10.1007/s12230-012-9262-3},
  publisher = {Springer Nature},
}

@Article{Munyaneza2015,
  author    = {Munyaneza, J. E.},
  title     = {Zebra chip disease, \textit{Candidatus} Liberibacter, and potato psyllid: a global threat to the potato industry},
  journal   = {Am. J. Potato Res.},
  year      = {2015},
  volume    = {92},
  number    = {2},
  pages     = {230--235},
  month     = mar,
  doi       = {10.1007/s12230-015-9448-6},
  publisher = {Springer Nature},
}

@Article{Munyaneza2011,
  author    = {Munyaneza, J. E. and Buchman, J. L. and Sengoda, V. G. and Fisher, T. W. and Pearson, C. C.},
  title     = {Susceptibility of selected potato varieties to zebra chip potato disease},
  journal   = {Am. J. Potato Res.},
  year      = {2011},
  volume    = {88},
  number    = {5},
  pages     = {435--440},
  month     = sep,
  doi       = {10.1007/s12230-011-9209-0},
  publisher = {Springer Nature},
}

@Article{Munyaneza2008,
  author  = {Munyaneza, J. E. and Buchman, J. L. and Upton, J. E. and Goolsby, J. A. and Crosslin, J. M. and Bester, G. and Miles, G. P. and Sengoda, V. G.},
  title   = {Main content area impact of different potato psyllid populations on zebra chip disease incidence, severity, and potato yield},
  journal = {Subtropical plant science},
  year    = {2008},
  volume  = {60},
  pages   = {27--37},
}

@Article{Munyaneza2007a,
  author    = {Munyaneza, J. E. and Crosslin, J. M. and Upton, J. E.},
  title     = {Association of \textit{Bactericera cockerelli} (Homoptera: Psyllidae) with 'zebra chip,' a new potato disease in Southwestern United States and Mexico},
  journal   = {J. Econ. Entomol.},
  year      = {2007},
  volume    = {100},
  number    = {3},
  pages     = {656--663},
  month     = jun,
  doi       = {10.1603/0022-0493(2007)100[656:aobchp]2.0.co;2},
  publisher = {Oxford University Press ({OUP})},
}

@Article{Munyaneza2007b,
  author  = {Munyaneza, J. E. and Goolsby, J. A. and Crosslin, J. M. and Upton, J. E.},
  title   = {Further evidence that zebra chip potato disease in the lower rio grande valley of Texas is associated with \textit{Bactericera cockerelli}},
  journal = {Subtropical Plant Science},
  year    = {2007},
  volume  = {59},
  pages   = {30--37},
}

@Article{Munyaneza2012a,
  author    = {Munyaneza, J. E. and Sengoda, V. G. and Buchman, J. L. and Fisher, T. W.},
  title     = {Effects of temperature on `\textit{Candidatus} Liberibacter solanacearum' and zebra chip potato disease symptom development},
  journal   = {Plant Dis.},
  year      = {2012},
  volume    = {96},
  number    = {1},
  pages     = {18--23},
  month     = sep,
  doi       = {10.1094/pdis-03-11-0185},
  publisher = {Scientific Societies},
}

@Article{Munyaneza2009,
  author    = {Munyaneza, J. E. and Sengoda, V. G. and Crosslin, J. M. and la Rosa-Lozano, G. De and Sanchez, A.},
  title     = {First report of `\textit{Candidatus} Liberibacter psyllaurous' in potato tubers with zebra chip disease in Mexico},
  journal   = {Plant Dis.},
  year      = {2009},
  volume    = {93},
  number    = {5},
  pages     = {552--552},
  month     = may,
  doi       = {10.1094/pdis-93-5-0552a},
  publisher = {Scientific Societies},
}

@Article{Murphy2012,
  author    = {Murphy, A. F. and Rondon, S. I. and Jensen, A. S.},
  title     = {First report of potato psyllids, \textit{Bactericera cockerelli}, overwintering in the Pacific Northwest},
  journal   = {Am. J. Potato Res.},
  year      = {2012},
  volume    = {90},
  number    = {3},
  pages     = {294--296},
  month     = dec,
  doi       = {10.1007/s12230-012-9281-0},
  publisher = {Springer Nature},
}

@Book{Mustafa2014,
  title     = {Comparative biology of potato psyllid, \textit{Bactericera cockerelli} (Hemiptera: Triozidae), haplotypes},
  publisher = {Washington State University},
  year      = {2014},
  author    = {Mustafa, T.},
}

@Article{Mustafa2015a,
  author    = {Mustafa, T. and Horton, D. R. and Cooper, W. R. and Swisher, K. D. and Zack, R. S. and Munyaneza, J. E.},
  title     = {Interhaplotype fertility and effects of host plant on reproductive traits of three haplotypes of \textit{Bactericera cockerelli} (Hemiptera: Triozidae)},
  journal   = {Environ. Entomol.},
  year      = {2015},
  volume    = {44},
  number    = {2},
  pages     = {300--308},
  month     = jan,
  doi       = {10.1093/ee/nvu029},
  publisher = {Oxford University Press ({OUP})},
}

@Article{Mustafa2015b,
  author    = {Mustafa, T. and Horton, D. R. and Cooper, W. R. and Swisher, K. D. and Zack, R. S. and Pappu, H. R. and Munyaneza, J. E.},
  title     = {Use of electrical penetration graph technology to examine transmission of `\textit{Candidatus} Liberibacter solanacearum' to potato by three haplotypes of potato psyllid (\textit{Bactericera cockerelli}; (Hemiptera: Triozidae)},
  journal   = {{PLoS} ONE},
  year      = {2015},
  volume    = {10},
  number    = {9},
  pages     = {e0138946},
  month     = sep,
  doi       = {10.1371/journal.pone.0138946},
  publisher = {Public Library of Science ({PLoS})},
}

@Article{Mustafa2015,
  author    = {Mustafa, T. and Horton, D. R. and Swisher, K. D. and Zack, R. S. and Munyaneza, J. E.},
  title     = {Effects of host plant on development and body size of three haplotypes of \textit{Bactericera cockerelli} (Hemiptera: Triozidae)},
  journal   = {Environ. Entomol.},
  year      = {2015},
  volume    = {44},
  number    = {3},
  pages     = {593--600},
  month     = mar,
  doi       = {10.1093/ee/nvv018},
  publisher = {Oxford University Press ({OUP})},
}

@Article{Nachappa2014,
  author    = {Nachappa and J. Levy, P. and Pierson, E. and Tamborindeguy, C.},
  title     = {Correlation between "\textit{Candidatus} Liberibacter solanacearum" infection levels and fecundity in its psyllid vector},
  journal   = {J. Invertebr. Pathol.},
  year      = {2014},
  volume    = {115},
  pages     = {55--61},
  month     = jan,
  doi       = {10.1016/j.jip.2013.10.008},
  publisher = {Elsevier {BV}},
}

@Article{Nachappa2012a,
  author    = {Nachappa, P. and Levy, J. and Tamborindeguy, C.},
  title     = {Transcriptome analyses of \textit{Bactericera cockerelli} adults in response to "\textit{Candidatus} {Liberibacter} solanacearum" infection},
  journal   = {Molecular genetics and genomics},
  year      = {2012},
  volume    = {287},
  number    = {10},
  pages     = {803--817},
  month     = sep,
  doi       = {10.1007/s00438-012-0713-9},
  publisher = {Springer Nature},
}

@Article{Nachappa2012,
  author    = {Nachappa, P. and Shapiro, A. A. and Tamborindeguy, C.},
  title     = {Effect of `\textit{Candidatus} {Liberibacter} solanacearum' on fitness of its insect vector, \textit{Bactericera cockerelli} ({Hemiptera: Triozidae}), on tomato},
  journal   = {Phytopathology},
  year      = {2012},
  volume    = {102},
  number    = {1},
  pages     = {41--46},
  month     = jan,
  doi       = {10.1094/phyto-03-11-0084},
  publisher = {Scientific Societies},
}

@TechReport{NASSNorthwestRegionalFieldOffice2017,
  author = {NASS Northwest Regional Field Office, U. S. D. A.},
  title  = {Potato size and grade summary -- 2017 crop},
  year   = {2017},
  school = {United States Department of Agriculture - National Agricultural Statistics Service},
}

@Article{Navarre2009,
  author    = {Navarre, D. A. and Shakya, R. and Holden, J. and Crosslin, J. M.},
  title     = {{LC}-{MS} Analysis of phenolic compounds in tubers showing zebra chip symptoms},
  journal   = {Am. J. Potato Res.},
  year      = {2009},
  volume    = {86},
  number    = {2},
  pages     = {88--95},
  month     = jan,
  doi       = {10.1007/s12230-008-9060-0},
  publisher = {Springer Nature},
}

@Article{Nelson2011,
  author    = {Nelson, Warrick R. and Fisher, Tonja W. and Munyaneza, Joseph E.},
  title     = {Haplotypes of "\textit{Candidatus} Liberibacter solanacearum" suggest long-standing separation},
  journal   = {European Journal of Plant Pathology},
  year      = {2011},
  volume    = {130},
  number    = {1},
  pages     = {5--12},
  month     = jan,
  doi       = {10.1007/s10658-010-9737-3},
  publisher = {Springer Nature},
}

@Article{Nelson2012,
  author    = {Nelson, W. R. and Sengoda, V. G. and Alfaro-Fernandez, A. O. and Font, M. I. and Crosslin, J. M. and Munyaneza, J. E.},
  title     = {A new haplotype of "\textit{Candidatus} Liberibacter solanacearum" identified in the mediterranean region},
  journal   = {European Journal of Plant Pathology},
  year      = {2012},
  volume    = {135},
  number    = {4},
  pages     = {633--639},
  month     = nov,
  doi       = {10.1007/s10658-012-0121-3},
  publisher = {Springer Nature},
}

@Article{Nelson2014,
  author    = {Nelson, W. R. and Swisher, K. D. and Crosslin, J. M. and Munyaneza, J. E.},
  title     = {Seasonal dispersal of the potato psyllid, \textit{Bactericera cockerelli}, into potato crops},
  journal   = {Southwestern Entomologist},
  year      = {2014},
  volume    = {39},
  number    = {1},
  pages     = {177--186},
  month     = mar,
  doi       = {10.3958/059.039.0121},
  publisher = {Society of Southwestern Entomologists},
}

@Article{Nissinen2013,
  author    = {Nissinen, A. I. and Haapalainen, M. and Jauhiainen, L. and Lindman, M. and Pirhonen, M.},
  title     = {Different symptoms in carrots caused by male and female carrot psyllid feeding and infection by `\textit{Candidatus} Liberibacter solanacearum'},
  journal   = {Plant pathology},
  year      = {2013},
  volume    = {63},
  number    = {4},
  pages     = {812--820},
  month     = oct,
  doi       = {10.1111/ppa.12144},
  publisher = {Wiley-Blackwell},
}

@Article{Painter1951,
  author    = {Painter, R. H.},
  title     = {Insect resistance in crop plants},
  journal   = {Soil Sci.},
  year      = {1951},
  volume    = {72},
  number    = {6},
  pages     = {481},
  month     = dec,
  doi       = {10.1097/00010694-195112000-00015},
  publisher = {Ovid Technologies (Wolters Kluwer Health)},
}

@Article{Patt2011,
  author    = {Patt, J. M. and Meikle, William G. and Mafra-Neto, Agenor and S{\'{e}}tamou, Mamoudou and Mangan, Robert and Yang, Chenghai and Malik, Nasir and Adamczyk, John J.},
  title     = {Multimodal cues drive host-plant assessment in asian citrus psyllid (\textit{Diaphorina citri})},
  journal   = {Environ. Entomol.},
  year      = {2011},
  volume    = {40},
  number    = {6},
  pages     = {1494--1502},
  month     = dec,
  doi       = {10.1603/en11149},
  publisher = {Oxford University Press ({OUP})},
}

@Article{Pfeiffer1983,
  author    = {Pfeiffer, D. G. and Burts, E. C.},
  title     = {Effect of tree fertilization on numbers and development of pear psylla (Homoptera: Psyllidae) and on fruit damage},
  journal   = {Environ. Entomol.},
  year      = {1983},
  volume    = {12},
  number    = {3},
  pages     = {895--901},
  month     = jun,
  doi       = {10.1093/ee/12.3.895},
  publisher = {Oxford University Press ({OUP})},
}

@Article{Pfeiffer1984,
  author    = {Pfeiffer, D. G. and Burts, E. C.},
  title     = {Effect of tree fertilization on protein and free amino acid content and feeding rate of pear psylla (Homoptera: Psyllidae)},
  journal   = {Environ. Entomol.},
  year      = {1984},
  volume    = {13},
  number    = {6},
  pages     = {1487--1490},
  month     = dec,
  doi       = {10.1093/ee/13.6.1487},
  publisher = {Oxford University Press ({OUP})},
}

@Article{Pletsch1947,
  author  = {Pletsch, D. J.},
  title   = {The potato psyllid, \textit{Paratrioza cockerelli} (Sulc), its biology and control},
  journal = {Montana Agricultural Experiment Station Bulletin},
  year    = {1947},
  volume  = {446},
  pages   = {95},
}

@Article{Prager2014a,
  author    = {Prager, S. M. and Esquivel, I. and Trumble, J. T.},
  title     = {Factors influencing host plant choice and larval performance in \textit{Bactericera cockerelli}},
  journal   = {{PLoS} ONE},
  year      = {2014},
  volume    = {9},
  number    = {4},
  pages     = {e94047},
  month     = apr,
  doi       = {10.1371/journal.pone.0094047},
  publisher = {Public Library of Science ({PLoS})},
}

@Article{Prager2014b,
  author    = {Prager, S. M. and Lewis, O. M. and Michels, J. and Nansen, C.},
  title     = {The influence of maturity and variety of potato plants on oviposition and probing of \textit{Bactericera cockerelli} (Hemiptera: Triozidae)},
  journal   = {Environ. Entomol.},
  year      = {2014},
  volume    = {43},
  number    = {2},
  pages     = {402--409},
  month     = apr,
  doi       = {10.1603/en13278},
  publisher = {Oxford University Press ({OUP})},
}

@Article{Prager2013,
  author    = {Prager, S. M. and Vindiola, B. and Kund, G. S. and Byrne, F. J. and Trumble, J. T.},
  title     = {Considerations for the use of neonicotinoid pesticides in management of \textit{Bactericera cockerelli} ({\v{S}}ulk) (Hemiptera: Triozidae)},
  journal   = {Crop Prot.},
  year      = {2013},
  volume    = {54},
  pages     = {84--91},
  month     = dec,
  doi       = {10.1016/j.cropro.2013.08.001},
  publisher = {Elsevier {BV}},
}

@Article{Prager2017,
  author    = {Prager, S. M. and Wallis, C. M. and Jones, M. and Novy, R. and Trumble, J. T.},
  title     = {Examining the potential role of foliar chemistry in imparting potato germplasm tolerance to potato psyllid, green peach aphid, and zebra chip disease},
  journal   = {J. Econ. Entomol.},
  year      = {2017},
  volume    = {111},
  number    = {1},
  pages     = {327--336},
  month     = nov,
  doi       = {10.1093/jee/tox255},
  publisher = {Oxford University Press ({OUP})},
}

@Article{Putten2001,
  author    = {der Putten, W. H. Van and Vet, L. E. M. and Harvey, J. A. and W{\"{a}}ckers, F. L.},
  title     = {Linking above - and belowground multitrophic interactions of plants, herbivores, pathogens, and their antagonists},
  journal   = {Trends in Ecology {\&} Evolution},
  year      = {2001},
  volume    = {16},
  number    = {10},
  pages     = {547--554},
  month     = oct,
  doi       = {10.1016/s0169-5347(01)02265-0},
  publisher = {Elsevier {BV}},
}

@Article{Qazi2010,
  author    = {Qazi, M. C. Bloch and Hogdal, L.},
  title     = {Hold on: females modulate sperm depletion from storage sites in the fly \textit{Drosophila melanogaster}},
  journal   = {Journal of Insect Physiology},
  year      = {2010},
  volume    = {56},
  number    = {9},
  pages     = {1332--1340},
  month     = sep,
  doi       = {10.1016/j.jinsphys.2010.04.014},
  publisher = {Elsevier {BV}},
}

@Article{Rashed2012,
  author    = {Rashed, A. and Nash, T. D. and Paetzold, L. and Workneh, F. and Rush, C. M.},
  title     = {Transmission efficiency of `\textit{Candidatus} Liberibacter solanacearum' and potato zebra chip disease progress in relation to pathogen titer, vector numbers, and feeding sites},
  journal   = {Phytopathology},
  year      = {2012},
  volume    = {102},
  number    = {11},
  pages     = {1079--1085},
  month     = nov,
  doi       = {10.1094/phyto-04-12-0094-r},
  publisher = {Scientific Societies},
}

@Article{Rashed2014,
  author    = {Rashed, A. and Workneh, F. and Paetzold, L. and Gray, J. and Rush, C. M.},
  title     = {Zebra chip disease development in relation to plant age and time of `\textit{Candidatus} Liberibacter solanacearum' infection},
  journal   = {Plant Dis.},
  year      = {2014},
  volume    = {98},
  number    = {1},
  pages     = {24--31},
  month     = jan,
  doi       = {10.1094/pdis-04-13-0366-re},
  publisher = {Scientific Societies},
}

@Article{Rashidi2017,
  author    = {Rashidi, M. and Novy, R. G. and Wallis, C. M. and Rashed, A.},
  title     = {Characterization of host plant resistance to zebra chip disease from species-derived potato genotypes and the identification of new sources of zebra chip resistance},
  journal   = {{PLoS} ONE},
  year      = {2017},
  volume    = {12},
  number    = {8},
  pages     = {e0183283},
  month     = aug,
  doi       = {10.1371/journal.pone.0183283},
  publisher = {Public Library of Science ({PLoS})},
}

@Article{Rehman2010,
  author    = {Rehman, M. and Melgar, J. C. and J. M. Rivera, C. and Idris, A. M. and Brown, J. K.},
  title     = {First report of "\textit{Candidatus} liberibacter psyllaurous" or "\textit{Ca.} liberibacter solanacearum" associated with severe foliar chlorosis, curling, and necrosis and tuber discoloration of potato plants in Honduras},
  journal   = {Plant Dis.},
  year      = {2010},
  volume    = {94},
  number    = {3},
  pages     = {376--376},
  month     = mar,
  doi       = {10.1094/pdis-94-3-0376c},
  publisher = {Scientific Societies},
}

@Article{Richards1928,
  author    = {Richards, B. L.},
  title     = {A new and destructive disease of the potato in Utah and its relation to the potato psylla},
  journal   = {Phytopathology},
  year      = {1928},
  volume    = {18},
  number    = {1},
  publisher = {Lancaster, Pa.},
}

@Article{Richards1973,
  author  = {Richards, H. L. and Blood, H. L.},
  title   = {Psyllid yellows of the potato},
  journal = {Readings in insect-plant disease relationships},
  year    = {1973},
  volume  = {46},
  pages   = {139},
}

@Article{Rosson2006,
  author  = {Rosson, P. and Niemeyer, M. and Palma, M. and Ribera, L.},
  title   = {Economic impacts of zebra chips on the Texas potato industry},
  journal = {Center for North American studies, department of agricultural economics, Texas A\&M university, College Station, TX},
  year    = {2006},
}

@Article{Rubio-Covarrubias2017,
  author    = {Rubio-Covarrubias, O. A. and Cadena-Hinojosa, M. A. and Prager, S. M. and Wallis, C. M. and Trumble, J. T.},
  title     = {Characterization of the tolerance against zebra chip disease in tubers of advanced potato lines from Mexico},
  journal   = {Am. J. Potato Res.},
  year      = {2017},
  volume    = {94},
  number    = {4},
  pages     = {342--356},
  month     = feb,
  doi       = {10.1007/s12230-017-9570-8},
  publisher = {Springer Nature},
}

@Article{Sandanayaka2014,
  author    = {Sandanayaka, W. R. M. and Moreno, A. and Tooman, L. K. and Page-Weir, N. E. M. and Fereres, A.},
  title     = {Stylet penetration activities linked to the acquisition and inoculation of \textit{Candidatus} Liberibacter solanacearum by its vector tomato potato psyllid},
  journal   = {Entomol. Exp. Appl.},
  year      = {2014},
  volume    = {151},
  number    = {2},
  pages     = {170--181},
  month     = mar,
  doi       = {10.1111/eea.12179},
  publisher = {Wiley},
}

@Article{Schnakenberg2011,
  author    = {Schnakenberg, S. L. and Matias, W. R. and Siegal, M. L.},
  title     = {Sperm-storage defects and live birth in \textit{Drosophila} females lacking spermathecal secretory cells},
  journal   = {{PLoS} Biology},
  year      = {2011},
  volume    = {9},
  number    = {11},
  month     = nov,
  doi       = {10.1371/journal.pbio.1001192},
  publisher = {Public Library of Science ({PLoS})},
}

@Article{Searle1980,
  author    = {Searle, S. R. and Speed, F. M. and Milliken, G. A.},
  title     = {Population marginal means in the linear model: an alternative to least squares means},
  journal   = {The American Statistician},
  year      = {1980},
  volume    = {34},
  number    = {4},
  pages     = {216--221},
  issn      = {0003-1305},
  abstract  = {The parameter concept in the term least squares mean is defined and given the more meaningful name population marginal mean; and its estimation is discussed.},
  publisher = {[American Statistical Association, Taylor \& Francis, Ltd.]},
  url       = {http://www.jstor.org/stable/2684063},
}

@Article{Secor2004,
  author  = {Secor, G. A. and Rivera-Varas, V. V.},
  title   = {Emerging diseases of cultivated potato and their impact on Latin America},
  journal = {Revista Latinoamericana de la Papa (Suplemento)},
  year    = {2004},
  volume  = {1},
  pages   = {1--8},
}

@Article{Sengoda2014,
  author    = {Sengoda, V. G. and Cooper, W. R. and Swisher, K. D. and Henne, D. C. and Munyaneza, J. E.},
  title     = {Latent period and transmission of "\textit{Candidatus} Liberibacter solanacearum" by the potato psyllid \textit{Bactericera cockerelli} (Hemiptera: Triozidae)},
  journal   = {{PLoS} ONE},
  year      = {2014},
  volume    = {9},
  number    = {3},
  pages     = {e93475},
  month     = mar,
  doi       = {10.1371/journal.pone.0093475},
  publisher = {Public Library of Science ({PLoS})},
}

@Article{Solomon-Blackburn2001,
  author    = {Solomon-Blackburn, R. M. and Barker, H.},
  title     = {Breeding virus resistant potatoes (\textit{Solanum tuberosum}): a review of traditional and molecular approaches},
  journal   = {Heredity},
  year      = {2001},
  volume    = {86},
  number    = {1},
  pages     = {17--35},
  month     = jan,
  doi       = {10.1046/j.1365-2540.2001.00799.x},
  publisher = {Springer Nature},
}

@Article{Stroup2015,
  author    = {Stroup, W. W.},
  title     = {Rethinking the analysis of non-normal data in plant and soil science},
  journal   = {Agron. J.},
  year      = {2015},
  volume    = {107},
  number    = {2},
  pages     = {811},
  doi       = {10.2134/agronj2013.0342},
  publisher = {American Society of Agronomy},
}

@Article{Sulc1909,
  author  = {{{\v{S}}}ulc, K.},
  title   = {\textit{Trioza cockerelli} n. sp., a novelty from North America, being also of economic importance},
  journal = {Acta Societatis Entomologicae Bohemiae},
  year    = {1909},
  volume  = {6},
  pages   = {102--108},
}

@Article{Swisher2013,
  author    = {Swisher, K. D. and Arp, A. P. and Bextine, B. R. and E. Y., A. {\'{A}}lvarez and Crosslin, J. M. and Munyaneza, J. E.},
  title     = {Haplotyping the potato psyllid, \texit{Bactericera cockerelli}, in Mexico and Central America},
  journal   = {Southwestern Entomologist},
  year      = {2013},
  volume    = {38},
  number    = {2},
  pages     = {201--208},
  month     = jun,
  doi       = {10.3958/059.038.0205},
  publisher = {Society of Southwestern Entomologists},
}

@Article{Swisher2014a,
  author    = {Swisher, K. D. and Crosslin, J. M.},
  title     = {Restriction digestion method for haplotyping the potato psyllid, \textit{Bactericera cockerelli}},
  journal   = {Southwestern Entomologist},
  year      = {2014},
  volume    = {39},
  number    = {1},
  pages     = {49--56},
  month     = mar,
  doi       = {10.3958/059.039.0106},
  publisher = {Society of Southwestern Entomologists},
}

@Article{Swisher2013a,
  author    = {Swisher, K. D. and Sengoda, V. G. and Dixon, J. and Echegaray, E. and Murphy, A. F. and Rondon, S. I. and Munyaneza, J. E. and Crosslin, J. M.},
  title     = {Haplotypes of the potato psyllid, \textit{Bactericera cockerelli}, on the wild host plant, \textit{Solanum dulcamara}, in the Pacific Northwestern United States},
  journal   = {Am. J. Potato Res.},
  year      = {2013},
  volume    = {90},
  number    = {6},
  pages     = {570--577},
  month     = jul,
  doi       = {10.1007/s12230-013-9330-3},
  publisher = {Springer Nature},
}

@Article{Swisher2014,
  author    = {Swisher, K. D. and Sengoda, V. G. and Dixon, J. and Munyaneza, J. E. and Murphy, A. F. and Rondon, S. I. and Thompson, B. and Karasev, A. V. and Wenninger, E. J. and Olsen, N. and Crosslin, J. M.},
  title     = {Assessing potato psyllid haplotypes in potato crops in the Pacific Northwestern United States},
  journal   = {Am. J. Potato Res.},
  year      = {2014},
  volume    = {91},
  number    = {5},
  pages     = {485--491},
  month     = mar,
  doi       = {10.1007/s12230-014-9378-8},
  publisher = {Springer Nature},
}

@Article{Tahzima2014,
  author    = {Tahzima, R. and Maes, M. and Achbani, E. H. and Swisher, K. D. and Munyaneza, J. E. and Jonghe, K. De},
  title     = {First report of `\textit{Candidatus} liberibacter solanacearum' on carrot in Africa},
  journal   = {Plant Dis.},
  year      = {2014},
  volume    = {98},
  number    = {10},
  pages     = {1426--1426},
  month     = oct,
  doi       = {10.1094/pdis-05-14-0509-pdn},
  publisher = {Scientific Societies},
}

@Manual{RCT2013,
  title         = {R: a language and environment for statistical computing},
  author        = {{{R Core Team}}},
  organization  = {R foundation for statistical computing},
  address       = {Vienna, Austria},
  year          = {2013},
  note          = {{ISBN} 3-900051-07-0},
  __markedentry = {[P. fructiphilus:6]},
  url           = {http://www.R-project.org/},
}

@Article{Teixeira2005,
  author    = {Teixeira, D. do C. and Saillard, C. and Eveillard, S. and Danet, J. L. and da Costa, P. I. and Ayres, A. J. and Brov{\'e}, J.},
  title     = {'\textit{Candidatus} Liberibacter americanus', associated with citrus huanglongbing (greening disease) in Sao Paulo State, Brazil},
  journal   = {Int. J. Syst. Evol. Microbiol.},
  year      = {2005},
  volume    = {55},
  number    = {5},
  pages     = {1857--1862},
  month     = sep,
  doi       = {10.1099/ijs.0.63677-0},
  publisher = {Microbiology Society},
}

@Article{Teulon2009,
  author    = {Teulon, D. A. J. and Workman, P. J. and Thomas, K. L. and Nielsen, M. C.},
  title     = {\textit{Bactericera cockerelli}: incursion, dispersal and current distribution on vegetable crops in New Zealand},
  journal   = {New Zealand Plant Protection},
  year      = {2009},
  volume    = {62},
  pages     = {136--144},
  publisher = {New Zealand Plant Protection Society},
}

@Article{Thinakaran2017,
  author    = {Thinakaran, J. and Horton, D. R. and Cooper, W. R. and Jensen, A. S. and Wohleb, C. H. and Dahan, J. and Mustafa, T. and Karasev, A. V. and Munyaneza, J. E.},
  title     = {Association of potato psyllid (\textit{Bactericera cockerelli}; Hemiptera: Triozidae) with \textit{Lycium} spp. (Solanaceae) in potato growing regions of Washington, Idaho, and Oregon},
  journal   = {Am. J. Potato Res.},
  year      = {2017},
  volume    = {94},
  number    = {5},
  pages     = {490--499},
  month     = apr,
  doi       = {10.1007/s12230-017-9586-0},
  publisher = {Springer Nature},
}

@Article{Thinakaran2015,
  author    = {Thinakaran, J. and Pierson, E. A. and Longnecker, M. and Tamborindeguy, C. and Munyaneza, J. E. and Rush, C. M. and Henne, D. C.},
  title     = {Settling and ovipositional behavior of \textit{Bactericera cockerelli} (Hemiptera: Triozidae) on solanaceous hosts under field and laboratory conditions},
  journal   = {J. Econ. Entomol.},
  year      = {2015},
  volume    = {108},
  number    = {3},
  pages     = {904--916},
  month     = apr,
  doi       = {10.1093/jee/tov058},
  publisher = {Oxford University Press ({OUP})},
}

@Article{Vega-Gutierrez2008,
  author    = {Vega-Guti{\'{e}}rrez, M. T. and J C. Rodr{\'{i}}guez-Maciel and D{\'{i}}az-G{\'{o}}mez, O. and Bujanos-Mu{\~{n}}iz, R. and Mota-S{\'{a}}nchez, D. and Mart{\'{i}}nez-Carrillo, J. L. and Lagunes-Tejeda, A. and Garz{\'{o}}n-Tiznado, J. A.},
  title     = {Susceptibility to insecticides in two Mexican population of tomato-potato psyllid, \textit{Bactericera cockerelli} (Sulc.) (Hemiptera: Triozidae)},
  journal   = {Agrociencia},
  year      = {2008},
  volume    = {42},
  number    = {4},
  pages     = {463--471},
  publisher = {Colegio de Postgraduados},
}

@Article{Venkatesan2009,
  author    = {Venkatesan, G. S. and Munyaneza, J. E. and Crosslin, J. M. and Buchman, J. L. and Pappu, H. R.},
  title     = {Phenotypic and etiological differences between psyllid yellows and zebra chip diseases of potato},
  journal   = {Am. J. Potato Res.},
  year      = {2009},
  volume    = {87},
  number    = {1},
  pages     = {41--49},
  month     = oct,
  doi       = {10.1007/s12230-009-9115-x},
  publisher = {Springer Nature},
}

@Article{Walker2011,
  author    = {Walker, G. P. and MacDonald, F. H. and Larsen, N. J. and Wallace, A. R.},
  title     = {Monitoring \textit{Bactericera cockerelli} and associated insect populations in potatoes in South Auckland},
  journal   = {New Zealand Plant Protection},
  year      = {2011},
  volume    = {64},
  pages     = {269--275},
  publisher = {Citeseer},
}

@Article{Wallis2015,
  author    = {Wallis, C. M. and Munyaneza, J. E. and Chen, J. and Novy, R. and Bester, G. and Buchman, J. L. and Nordgaard, J. and van Hest, P.},
  title     = {`\textit{Candidatus} Liberibacter solanacearum' titers in and infection effects on potato tuber chemistry of promising germplasm exhibiting tolerance to zebra chip disease},
  journal   = {Phytopathology},
  year      = {2015},
  volume    = {105},
  number    = {12},
  pages     = {1573--1584},
  month     = dec,
  doi       = {10.1094/phyto-02-15-0040-r},
  publisher = {Scientific Societies},
}

@Article{Wallis2014,
  author    = {Wallis, C. M. and Rashed, A. and Wallingford, A. K. and Paetzold, L. and Workneh, F. and Rush, C. M.},
  title     = {Similarities and differences in physiological responses to `\textit{Candidatus} Liberibacter solanacearum' infection among different potato cultivars},
  journal   = {Phytopathology},
  year      = {2014},
  volume    = {104},
  number    = {2},
  pages     = {126--133},
  month     = feb,
  doi       = {10.1094/phyto-05-13-0125-r},
  publisher = {Scientific Societies},
}

@TechReport{Wallis1955,
  author    = {Wallis, R. L.},
  title     = {Ecological studies on the potato psyllid as a pest of potatoes},
  year      = {1955},
  month     = feb,
  publisher = {US Deptartment of Agriculture},
  school    = {U.S. Department of Agriculture},
  volume    = {1107},
}

@Article{Wen2013,
  author   = {Wen, A. and Johnson, C. and Gudmestad, N. C.},
  title    = {Development of a pcr assay for the rapid detection and differentiation of `\textit{Candidatus} Liberibacter solanacearum' haplotypes and their spatiotemporal distribution in the united states},
  journal  = {Am. J. Potato Res.},
  year     = {2013},
  volume   = {90},
  number   = {3},
  pages    = {229--236},
  month    = jun,
  issn     = {1874-9380},
  abstract = {Zebra chip, or zebra complex (ZC) has become an important invasive disease of potato in the United States and New Zealand and is caused by a phloem-limited bacterium, `Candidatus Liberibacter solanacearum' (Lso). A PCR assay using a single pair of simple sequence repeat (SSR) primers was developed for simultaneous detection and genotype differentiation of Lso haplotypes associated with zebra chip disease of potato. The sensitivity of the SSR PCR was similar to a 16S PCR assay, with detection limit of 100 copies of the Lso genome in haplotype A infected potato and psyllid samples and 10 copies of Lso genome in haplotype B potato and psyllid samples. The Lso detection frequency of the SSR PCR assay was 79.1 {\%} in potato and 26.4 {\%} in psyllid samples, respectively; whereas the detection frequency of the 16S PCR assay 59.0 {\%} in potato and 25.9 {\%} in psyllid samples, respectively. Samples of Lso positive potato plants and psyllids from multiple states in the US were demonstrated to have either haplotype A or haplotype B Lso and occasionally both haplotypes were found in individual samples. This is the first report that co-infection of the two haplotypes of Lso exists in potato and potato-psyllid samples. Only haplotype A Lso was detected in North Dakota psyllid samples collected in 2010, in Idaho and Washington ZC potato samples sampled from storage in 2011, and in Idaho ZC potato samples in 2012. Haplotype A Lso was also detected in New Zealand ZC affected potato samples and psyllid samples collected in 2010 and 2011. The PCR assay developed is as sensitive as previously developed assays and has the advantage of simultaneously detecting and differentiating Lso haplotypes of the ZC bacterium, thus making it extremely useful for epidemiological studies.},
  day      = {01},
  doi      = {10.1007/s12230-012-9293-9},
}

@Article{Wen2009,
  author    = {Wen, A. and Mallik, I. and Alvarado, V. Y. and Pasche, J. S. and Wang, X. and Li, W. and Levy, L. and Lin, H. and Scholthof, H. B. and Mirkov, T. E. and Rush, C. M. and Gudmestad, N. C.},
  title     = {Detection, distribution, and genetic variability of `\textit{Candidatus} liberibacter' species associated with zebra complex disease of potato in North America},
  journal   = {Plant Dis.},
  year      = {2009},
  volume    = {93},
  number    = {11},
  pages     = {1102--1115},
  month     = nov,
  doi       = {10.1094/pdis-93-11-1102},
  publisher = {Scientific Societies},
}

@Article{Wenninger2017,
  author    = {Wenninger, E. J. and Carroll, A. and Dahan, J. and Karasev, A. V. and Thornton, M. and Miller, J. and Nolte, P. and Olsen, N. and Price, W.},
  title     = {Phenology of the potato psyllid, \textit{Bactericera cockerelli} (Hemiptera: Triozidae), and {\textquotedblleft}\textit{Candidatus} Liberibacter solanacearum{\textquotedblright} in commercial potato fields in Idaho},
  journal   = {Environ. Entomol.},
  year      = {2017},
  volume    = {46},
  number    = {6},
  pages     = {1179--1188},
  month     = oct,
  doi       = {10.1093/ee/nvx158},
  publisher = {Oxford University Press ({OUP})},
}

@Article{Wenninger2007,
  author    = {Wenninger, Erik J. and Hall, David G.},
  title     = {Daily timing of mating and age at reproductive maturity in \textit{Diaphorina citri} (Hemiptera: Psyllidae)},
  journal   = {Florida Entomologist},
  year      = {2007},
  volume    = {90},
  number    = {4},
  pages     = {715--722},
  month     = dec,
  doi       = {10.1653/0015-4040(2007)90[715:dtomaa]2.0.co;2},
  publisher = {Florida Entomological Society},
}

@Article{Wenninger2008,
  author    = {Wenninger, E. J. and Hall, D. G.},
  title     = {Importance of multiple mating to female reproductive output in \textit{Diaphorina citri}},
  journal   = {Physiol. Entomol.},
  year      = {2008},
  volume    = {33},
  number    = {4},
  pages     = {316--321},
  month     = dec,
  doi       = {10.1111/j.1365-3032.2008.00633.x},
  publisher = {Wiley},
}

@Article{Wenninger2009,
  author    = {Wenninger, E. J. and Stelinski, L. L. and Hall, D. G.},
  title     = {Roles of olfactory cues, visual cues, and mating status in orientation of \textit{Diaphorina citri} Kuwayama (Hemiptera: Psyllidae) to four different host plants},
  journal   = {Environ. Entomol.},
  year      = {2009},
  volume    = {38},
  number    = {1},
  pages     = {225--234},
  month     = feb,
  doi       = {10.1603/022.038.0128},
  publisher = {Oxford University Press ({OUP})},
}

@Article{Wolfner2011,
  author    = {Wolfner, M. F.},
  title     = {Precious essences: female secretions promote sperm storage in \textit{Drosophila}},
  journal   = {{PLoS} Biology},
  year      = {2011},
  volume    = {9},
  number    = {11},
  month     = nov,
  doi       = {10.1371/journal.pbio.1001191},
  publisher = {Public Library of Science ({PLoS})},
}

@Article{Yang2009,
  author    = {Yang, X. B. and Liu, T. X.},
  title     = {Life history and life tables of \textit{Bactericera cockerelli} (Homoptera: Psyllidae) on eggplant and bell pepper},
  journal   = {Environ. Entomol.},
  year      = {2009},
  volume    = {38},
  number    = {6},
  pages     = {1661--1667},
  month     = dec,
  doi       = {10.1603/022.038.0619},
  publisher = {Oxford University Press ({OUP})},
}

@Article{Yang2013,
  author    = {Yang, X. B. and Zhang, Y. M. and Henne, D. C. and Liu, T. X.},
  title     = {Life tables of \textit{Bactericera cockerelli} (Hemiptera: Triozidae) on tomato under laboratory and field conditions in southern Texas},
  journal   = {Florida Entomologist},
  year      = {2013},
  volume    = {96},
  number    = {3},
  pages     = {904--913},
  month     = sep,
  doi       = {10.1653/024.096.0326},
  publisher = {Florida Entomological Society},
}

@Article{Yang2010,
  author    = {Yang, X. B. and Zhang, Y. M. and Hua, L. and Liu, T. X.},
  title     = {Life history and life tables of \textit{Bactericera cockerelli} (Hemiptera: Psyllidae) on potato under laboratory and field conditions in the Lower Rio Grande Valley of Texas},
  journal   = {J. Econ. Entomol.},
  year      = {2010},
  volume    = {103},
  number    = {5},
  pages     = {1729--1734},
  month     = oct,
  doi       = {10.1603/ec10083},
  publisher = {Oxford University Press ({OUP})},
}

@Article{Yao2016,
  author    = {Yao, J. and Saenkham, P. and Levy, J. and Ibanez, F. and Noroy, C. and Mendoza, A. and Huot, O. and Meyer, D. F. and Tamborindeguy, C.},
  title     = {Interactions “\textit{Candidatus} {Liberibacter}" solanacearum - \textit{Bactericera cockerelli}: haplotype effect on vector fitness and gene expression analyses},
  journal   = {Frontiers in cellular and infection microbiology},
  year      = {2016},
  volume    = {6},
  month     = jun,
  doi       = {10.3389/fcimb.2016.00062},
  publisher = {Frontiers Media {SA}},
}

@Article{Zhao2015,
  author    = {Zhao, W. and Wan, Y. and Xie, W. and Xu, B. and Zhang, Y. and Wang, S. and Wei, G. and Zhou, X. and Wu, Q.},
  title     = {Effect of spinosad resistance on transmission of tomato spotted wilt virus by the western flower thrips (Thysanoptera: Thripidae)},
  journal   = {J. Econ. Entomol.},
  year      = {2015},
  volume    = {109},
  number    = {1},
  pages     = {62--69},
  month     = sep,
  doi       = {10.1093/jee/tov278},
  publisher = {Oxford University Press ({OUP})},
}

@Article{Zhao2018,
  author    = {Zhao, Z. and Prager, S. M. and Cruzado, R. K. and Liang, X. and Cooper, W. R. and Hu, G. and Rashed, A.},
  title     = {Characterizing zebra chip symptom severity and identifying spectral signatures associated with `\textit{Candidatus} Liberibacter solanacearum'-infected potato tubers},
  journal   = {Am. J. Potato Res.},
  year      = {2018},
  volume    = {95},
  number    = {5},
  pages     = {584--596},
  month     = jun,
  doi       = {10.1007/s12230-018-9666-9},
  publisher = {Springer Nature America, Inc},
}

@Comment{jabref-meta: databaseType:bibtex;}

@Comment{jabref-meta: saveOrderConfig:specified;author;false;author;false;year;false;}
